@inproceedings{budnik2009structural,
  title={Structural Feature Extraction for GUI Test Enhancement},
  author={Budnik, Christof J and Belli, Fevzi and Hollmann, Axel},
  booktitle={Software Testing, Verification and Validation Workshops, 2009. ICSTW'09. International Conference on},
  pages={255--262},
  year={2009},
  organization={IEEE}
}
